@inproceedings{Odersky1,
  title={An Overview of the Scala Programming Language Second Edition},
  author={Martin Odersky and Philippe Altherr and Vincent Cremet and Iulian Dragos and Gilles Dubochet and Burak Emir and Sean McDirmid and St{\'e}phane Micheloud and Nikolay Mihaylov and Michel Schinz and Erik Stenman and Lex Spoon and Matthias Zenger},
  year={2006}
}

@article{Navarro1,
  title={Indexing text using the Ziv-Lempel trie},
  author={Gonzalo Navarro},
  journal={J. Discrete Algorithms},
  year={2002},
  volume={2},
  pages={87-114}
}

@ARTICLE{Welch1, 
author={T. A. Welch}, 
journal={Computer}, 
title={A Technique for High-Performance Data Compression}, 
year={1984}, 
volume={17}, 
number={6}, 
pages={8-19}, 
keywords={Compression algorithms;Data compression;Data structures;Encoding;Image coding;Programming profession;Runtime;System performance}, 
doi={10.1109/MC.1984.1659158}, 
ISSN={0018-9162}, 
month={June},}

@inproceedings{Knuth1,
  title={The Art of Computer Programming, Volume III: Sorting and Searching},
  author={Donald E. Knuth},
  year={1973}
}